pathway elaboration
@misc{PE,
	title={The pathway elaboration method for mean first passage time estimation in large continuous-time {Markov} chains with applications to nucleic acid kinetics}, 
	author={S. Zolaktaf and F. Dannenberg and M. Schmidt and A. Condon and E. Winfree},
	year={2021},
	note = {Unpublished paper}
}

Forward Flux Sampling 1
@article{FFS1,
	title = {Sampling Rare Switching Events in Biochemical Networks},
	author = {Allen, R. and Warren, P. and ten Wolde, P.},
	journal = {Phys. Rev. Lett.},
	volume = {94},
	issue = {1},
	year = {2005},
}

Forward Flux Sampling 2
@article{FFS2,
	title = {Simulating rare events in equilibrium or nonequilibrium stochastic systems},
	author = {Allen, R. and Frenkel, D. and ten Wolde, P.},
	journal = {J. Chem. Phys.},
	volume = {124},
	year = {2006},
}

WE Sampling 
@article{WE_sample,
	title = {Weighted-ensemble Brownian dynamics simulations for protein association reactions},
	author = {Huber, G. and Kim, S.},
	journal = {J. Biophys.},
	volume = {70},
	issue = {1},
	year = {1996},
}

Kinetic Path Sampling 1
@article{KPS1,
	title = {Weighted-ensemble Brownian dynamics simulations for protein association reactions},
	author = {Athenes, M. and Bulatov, V.},
	journal = {Phys. Rev. Lett.},
	volume = {113},
	year = {2014},
}

Kinetic Path Sampling 2
@article{KPS2,
	title = {Weighted-ensemble Brownian dynamics simulations for protein association reactions},
	author = {Athenes, M. and Kaur, S. and Adjanor, G. and Vanacker, T. and Jourdan, T. },
	journal = {Phys. Rev. Mater.},
	volume = {3},
	year = {2019},
}


MFPT matrix equation
@article{Suhov2008,
	author={Suhov, Y. and Kelbert, M.},
	title={Probability and Statistics by Example: Volume 2, {Markov Chains}: A Primer
	in Random Processes and Their Applications},
	journal={Cambridge University Press},
	volume={2},
	year=2008,
}

Metropolis parameters
@article{Metropolis,
	author={N. Metropolis and A.W. Rosenbluth and M.N. Rosenbluth and A.H.
	Teller and E. Teller},
	title={Equation of state calculations by fast computing machines},
	journal={The Journal of Chemical Physics},
	volume={21},
	year=1953,
	pages={1087–1092},
}

reference 9 from Boyan (learn CG)
@article{SCHOBERL201749,
	title = {Predictive coarse-graining},
	journal = {Journal of Computational Physics},
	volume = {333},
	pages = {49-77},
	year = {2017},
	author = {M. Schöberl and N. Zabaras and P.S. Koutsourelakis},
}

reference 10 from boyan (learn CG)
@article{Schoberl_2019,
	title={Predictive collective variable discovery with deep {Bayesian} models},
	volume={150},
	number={2},
	journal={The Journal of Chemical Physics},
	author={Schöberl, M. and Zabaras, N. and Koutsourelakis, P.S.},
	year={2019}
}

reference 11 from boyan (learn CG)
@Article{felsberger2019,
	author={L. Felsberger and P.S. Koutsourelakis},
	title = {Physics-Constrained, Data-Driven Discovery of Coarse-Grained Dynamics},
	journal = {Communications in Computational Physics},
	year = {2019},
	volume = {25},
	number = {5},
	pages = {1259--1301}
}

NUPACK
@Article{nupack,
	author={Zadeh, J.N. and 
	Steenberg, C.D. and 
	Bois, J.S. and 
	Wolfe, B.R. and 
	Pierce, M.B. and 
	Khan, A.R. and 
	Dirks, R.M. and 
	Pierce, N.A.},
	title = {{NUPACK}: analysis and design of nucleic acid systems},
	journal = {Journal of Computational Chemistry},
	year = {2011},
	volume = {32},
	number = {1},
	pages = {170--173}
}

DNA23
@InProceedings{DNA23,
	author={Zolaktaf, S.
	and Dannenberg, F.
	and Rudelis, X.
	and Condon, A.
	and Schaeffer, J.M.
	and Schmidt, M.
	and Thachuk, C.
	and Winfree, E.},
	title = {Inferring Parameters for an Elementary Step Model of {DNA} Structure Kinetics with Locally Context-Dependent {Arrhenius} Rates},
	booktitle = {{DNA} Computing and Molecular Programming},
	publisher = {Springer International Publishing},
	year = {2017},
	pages = {172--187},
}

Schaeffer thesis Multistrand 
@mastersthesis{Schaeffer,
	author={Schaeffer, J.M.},
	title = {The {Multistrand} Simulator: Stochastic Simulation of the Kinetics of Multiple Interacting {DNA} Strands},
	school = {California Institute of Technology},
	year = {2012},
}


BonnetHairpin
@article {Bonnet8602,
	author = {Bonnet, G. and 
	Krichevsky, O. and
	Libchaber, A.},
	title = {Kinetics of conformational fluctuations in {DNA} hairpin-loops},
	volume = {95},
	number = {15},
	pages = {8602--8606},
	year = {1998},
	publisher = {National Academy of Sciences},
}

Bonnet thesis Hairpin 
@phdthesis{Bonnet2000,
	author={Bonnet, G.},
	title = {Dynamics of {DNA} breathing and folding for molecular recognition and
	computation},
	school = {Rockefeller University},
	year = {2000},
}

Kim Hairpin
@article{KimHairpin2006,
	author = {Kim, J. 
	and Doose, S.
	and Neuweiler, H. 
	and Sauer, M.},
	title = {The initial step of {DNA} hairpin folding: a kinetic analysis using fluorescence correlation spectroscopy},
	journal = {Nucleic Acids Research},
	volume = {34},
	number = {9},
	pages = {2516-2527},
	year = {2006},
}

Altan-Bonnet bubble closing
@article{AltanBonnet,
	title = {Bubble Dynamics in Double-Stranded {DNA}},
	author = {Altan-Bonnet, G. and 
	Libchaber, A. and 
	Krichevsky, O.},
	journal = {Physical Review Letters},
	volume = {90},
	issue = {13},
	year = {2003},
}

Association and dissociation
@article{MorrisonAssociation,
	author = {Morrison, L.E. and Stols, L.M.},
	title = {Sensitive fluorescence-based thermodynamic and kinetic measurements of {DNA} hybridization in solution},
	journal = {Biochemistry},
	volume = {32},
	number = {12},
	pages = {3095-3104},
	year = {1993},
}

ReynaldoAssociationThreeway
@article{ReynaldoAssociationThreeway,
	author = {Reynaldo, L.P. and 
	Vologodskii, A.V. and 
	Neri, B.P. and
	Lyamichev, V.I.},
	title = {The kinetics of oligonucleotide replacements},
	journal = {Journal of Molecular Biology},
	volume = {297},
	pages = {511--520},
	year = {2000},
}

ZhangWinfreeThreeway
@article{ZhangWinfreeThreeway,
	author = {Zhang, D.Y. and Winfree, E.},
	title = {Control of {DNA} Strand Displacement Kinetics Using Toehold Exchange},
	journal = {Journal of the American Chemical Society},
	volume = {131},
	number = {47},
	pages = {17303-17314},
	year = {2009},	
}

Fourway 
@phdthesis{Fourway,
	author = {Dabby, N.L.},
	title = {Synthetic molecular machines for active self-assembly: prototype algorithms, designs, and experimental study},
	school = {California Institute of Technology},
	year = {2013},	
}

MachinekThreeway
@article {MachinekThreeway,
	Title = {Programmable energy landscapes for kinetic control of {DNA} strand displacement},
	Author = {Machinek, R.R. and
	 Ouldridge, T.E. and 
	 Haley, N.E. and 
	 Bath, J. and 
	 Turberfield, A.J.},
	Volume = {5},
	Year = {2014},
	Journal = {Nature communications},
}

Gillespie Algorithm
@article{Gillespie,
	author = {Gillespie, D.T.},
	title = {Exact stochastic simulation of coupled chemical reactions},
	journal = {The Journal of Physical Chemistry},
	volume = {81},
	number = {25},
	pages = {2340-2361},
	year = {1977},	
}

Doob SSA
@article{Doob,
	author = {Doob, J.L.},
	title = {Topics in the theory of Markoff chains},
	journal = {Transactions of the American Mathematical Society},
	volume = {52},
	pages = {37-64},
	year = {1942},	
}



ZhangRates
@article {ZhangRates,
	Title = {Predicting {DNA} hybridization kinetics from sequence},
	Author = {Zhang, J.X. and 
	Fang, J.Z. and 
	Duan, W. and 
	Wu, L.R. and 
	Zhang, A.W. and 
	Dalchau, N. and 
	Yordanov, B. and 
	Petersen, R. and 
	Phillips, A. and
	Zhang, D.Y.},
	Number = {1},
	Volume = {10},
	Year = {2018},
	Journal = {Nature chemistry},
	Pages = {91—98},
}

Neural net RNA
@article {NeuralNetRNA,
	Title = {A deep learning approach to programmable {RNA} switches},
	Author = {Angenent-Mari, N.M and 
	Garruss, A.S. and 
	Soenksen, L.R. and 
	Church, G. and 
	Collins, J.J.},
	Number = {1},
	Volume = {11},
	Year = {2020},
	Journal = {Nature communications},
	Pages = {1-12},
}


McCASKlLL polytime equilibrium 
@article{McCASKlLL,
	title={The Equilibrium Partition Function and Base Pair Binding Probabilities for {RNA} Secondary Structure},
	author={J.S. McCaskill},
	year={1990},
	Volume = {29},
	Journal = {Biopolymers},
	Pages = {1105-1119},
}


Dirks multistrand polytime equilibrium 
@article{Dirks,
	title={Thermodynamic Analysis of Interacting Nucleic Acid Strands},
	author={
	R.M. Dirks and 
	J.S. Bois and 
	J.M. Schaeffer and 
	E. Winfree and 
	N.A. Pierce and 
	},
	year={2007},
	Volume = {49},
	Number = {1},
	Journal = {SIAM Review},
	Pages = {65-88},
}

pathspace
@article{pathspace,
	title = {Path-space variational inference for non-equilibrium coarse-grained systems},
	journal = {Journal of Computational Physics},
	volume = {314},
	pages = {355-383},
	year = {2016},
	author = {V. Harmandaris and E. Kalligiannaki and M. Katsoulakis and P. Plecháč},
}

@article{Arrhenius1889,
	author = {S. Arrhenius},
	title = {Über die Dissociationswärme und den Einfluss der Temperatur auf den Dissociationsgrad der Elektrolyte},
	journal = {Zeitschrift für Physikalische Chemie},
	number = {1},
	volume = {4U},
	year = {1889},
	pages = {96--116}
}

Discotress1
@article{Discotress1,
	author = {D. Sharpe and D. Wales},
	title = {Efficient and exact sampling of transition path ensembles on Markovian networks},
	journal = {J. Chem. Phys},
	number = {153},
	volume = {024121},
	year = {2020},
}

Discotress2
@article{Discotress2,
	author = {D. Sharpe and D. Wales},
	title = {Nearly reducible finite Markov chains: theory and algorithms},
	journal = {J. Chem. Phys},
	year = {in press},
}

@article{StochasticConditioning,
  author    = {D. Tolpin and
               Y. Zhou and
               H. Yang},
  title     = {Probabilistic Programs with Stochastic Conditioning},
  journal   = {CoRR},
  year      = {2020},
}


@article{Kinfold,
  title={RNA folding at elementary step resolution},
  author={Flamm, Christoph and Fontana, Walter and Hofacker, Ivo L and Schuster, Peter},
  journal={Rna},
  volume={6},
  number={3},
  pages={325--338},
  year={2000},
  publisher={Cambridge University Press}
}

@article{Kfold,
  title={An implementation of the Gillespie algorithm for RNA kinetics with logarithmic time update},
  author={Dykeman, Eric C},
  journal={Nucleic acids research},
  volume={43},
  number={12},
  pages={5708--5715},
  year={2015},
  publisher={Oxford University Press}
}

@article{oxDNA,
  title={OxDNA. org: a public webserver for coarse-grained simulations of DNA and RNA nanostructures},
  author={Poppleton, Erik and Romero, Roger and Mallya, Aatmik and Rovigatti, Lorenzo and {\v{S}}ulc, Petr},
  journal={Nucleic acids research},
  volume={49},
  number={W1},
  pages={W491--W498},
  year={2021},
  publisher={Oxford University Press}
}

@article{schreck,
  title={DNA hairpins destabilize duplexes primarily by promoting melting rather than by inhibiting hybridization},
  author={Schreck, John S and Ouldridge, Thomas E and Romano, Flavio and {\v{S}}ulc, Petr and Shaw, Liam P and Louis, Ard A and Doye, Jonathan PK},
  journal={Nucleic acids research},
  volume={43},
  number={13},
  pages={6181--6190},
  year={2015},
  publisher={Oxford University Press}
}

@article{ribosketch,
  title={RiboSketch: versatile visualization of multi-stranded RNA and DNA secondary structure},
  author={Lu, Jacob S and Bindewald, Eckart and Kasprzak, Wojciech K and Shapiro, Bruce A},
  journal={Bioinformatics},
  volume={34},
  number={24},
  pages={4297--4299},
  year={2018},
  publisher={Oxford University Press}
}

@inproceedings{deepgraph,
  title={Uncovering the folding landscape of rna secondary structure using deep graph embeddings},
  author={Castro, Egbert and Benz, Andrew and Tong, Alexander and Wolf, Guy and Krishnaswamy, Smita},
  booktitle={2020 IEEE International Conference on Big Data (Big Data)},
  pages={4519--4528},
  year={2020},
  organization={IEEE}
}
